Photoshop videos
@electronic{photoshop:obama,
  author        = "John Shaver",
  title         = "How to Change a Person's Skin Color from Dark to Light in Photoshop",
  url           = "http://www.designpanoply.com/blog/how-to-change-a-persons-skin-color-from-dark-to-light-in-photoshop",
  year          = "2014"
}

@electronic{photoshop:match_body,
  author        = "Phlearn",
  title         = "How to Match Skin Tones in Photoshop",
  url           = "https://www.youtube.com/watch?v=5-DE49Muc0g",
  year          = "2014"
}

@electronic{photoshop:match_other,
  author        = "PiXimperfect",
  title         = "How to Match Skin Tone in Photoshop CC 2017",
  url           = "https://www.youtube.com/watch?v=zEeknlHydfE",
  year          = "2017"
}

@electronic{photoshop:tan,
  author        = "Phlearn",
  title         = "How to Get a Tan in Photoshop",
  url           = "https://www.youtube.com/watch?v=Har8CSjei2k",
  year          = "2016"
}

@electronic{photoshop:selective,
  author        = "Michael Woloszynowicz",
  title         = "How to Accurately Match Skin Tones Using Selective Color in Photoshop",
  url           = "https://www.youtube.com/watch?v=IOYFhumpmv8",
  year          = "2014"
}

@electronic{photoshop:actions,
  author        = "Michael Woloszynowicz",
  title         = "How to Easily Correct Colors and Match Tones in Photoshop",
  url           = "http://www.vibrantshot.com/how-to-easily-correct-colors-and-match-tones-in-photoshop/",
  year          = "2014"
}

@article{chang_2015_palette,
 author = {Chang, Huiwen and Fried, Ohad and Liu, Yiming and DiVerdi, Stephen and Finkelstein, Adam},
 title = {Palette-based Photo Recoloring},
 journal = {ACM Trans. Graph.},
 issue_date = {August 2015},
 volume = {34},
 number = {4},
 month = jul,
 year = {2015},
 issn = {0730-0301},
 pages = {139:1--139:11},
 articleno = {139},
 numpages = {11},
 acmid = {2766978},
 publisher = {ACM},
 address = {New York, NY, USA},
 keywords = {color transformation, palette, photo recoloring}
}

@article{li_2015_replace,
copyright = {Copyright 2016, The Institution of Engineering and Technology},
title = {Virtual try-on by replacing the person in image},
journal = {J. Comput. Aided Des. Comput. Graph. (China)},
author = {Li Jun and Zhang Mingmin and Pan Zhigeng},
volume = { 27},
number = { 9},
year = {Sept. 2015},
pages = {1694 - 700},
issn = {1003-9775},
address = {China}
} 

@inproceedings{pitie_2005_pdf,
author = {Pitie, Francois and Kokaram, Anil C. and Dahyot, Rozenn},
title = {N-dimensional probability density function transfer and its application to colour transfer},
journal = {Proceedings of the IEEE International Conference on Computer Vision},
issue_date = {2005},
volume = {II},
year = {2005},
pages = {1434 - 1439}
}

@article{reinhard_2001_transfer,
 author = {E. Reinhard and M. Ashikhmin and B. Gooch and P. Shirley},
 title = {Color transfer between images},
 journal = {IEEE Computer Graphics Applications},
 volume = {21},
 number = {5},
 month = sep,
 year = {2011},
 pages = {34-41}
}

@inproceedings{seo_2005_transfer,
author="Seo, Kyoung Chin
and Shin, Giroo
and Lee, Sang Wook",
editor="Ho, Yo-Sung
and Kim, Hyoung-Joong",
title="Interactive Transfer of Human Facial Color",
bookTitle="Advances in Multimedia Information Processing - PCM 2005: 6th Pacific Rim Conference on Multimedia, Jeju Island, Korea, November 13-16, 2005, Proceedings, Part II",
year="2005",
publisher="Springer Berlin Heidelberg",
address="Berlin, Heidelberg",
pages="993--1003"
}

@article{shilkrot_2013_garment, 
author={R. Shilkrot and D. Cohen-Or and A. Shamir and L. Liu}, 
journal={IEEE Computer Graphics and Applications}, 
title={Garment Personalization via Identity Transfer}, 
year={2013}, 
volume={33}, 
number={4}, 
pages={62-72}, 
ISSN={0272-1716}, 
month={July}
}

@inproceedings{yin_2004_transfer ,
language = {English},
copyright = {Compilation and indexing terms, Copyright 2017 Elsevier Inc.},
copyright = {Compendex},
title = {Towards race-related face identification: Research on skin color transfer},
journal = {Proceedings - Sixth IEEE International Conference on Automatic Face and Gesture Recognition},
author = {Yin, Lijun and Jia, Jingrong and Morrissey, Joseph},
year = {2004},
pages = {362 - 368},
address = {Seoul, Korea, Republic of}
} 

@inproceedings{zhang_2017_try,
 author = {Zhang, Tingting and Cao, Ling and Wang, William Y.C.},
 title = {The Impact of Virtual Try-on Image Interaction Technology on Online Shoppers' Purchase Decision},
 booktitle = {Proceedings of the 8th International Conference on E-Education, E-Business, E-Management and E-Learning},
 series = {IC4E '17},
 year = {2017},
 isbn = {978-1-4503-4821-8},
 location = {Kuala Lumpur, Malaysia},
 pages = {6--10},
 numpages = {5},
 acmid = {3026484},
 publisher = {ACM},
 address = {New York, NY, USA}
}
